<?xml version="1.0" encoding="UTF-8"?><collection xmlns="http://www.loc.gov/MARC21/slim"><record><leader>00480nam--2200133-i-4500</leader><controlfield tag="001">000033519</controlfield><controlfield tag="002">20161230</controlfield><controlfield tag="005">20161230201039</controlfield><controlfield tag="008">060222s1000------------r-----000-0-eng-d</controlfield><datafield ind1=" " ind2=" " tag="100"><subfield code="a">Meyer, Robert G</subfield></datafield><datafield ind1=" " ind2=" " tag="245"><subfield code="a">Gray, paul r</subfield></datafield><datafield ind1=" " ind2=" " tag="260"><subfield code="a">Circuite Integrate Analogice.Analiza Si Proiectare.Traducere Din Lb. Engleza (Sua) 192 Rezolvari De Probleme Propuse In Editia Originala</subfield></datafield><datafield ind1=" " ind2=" " tag="490"><subfield code="a">Biblioteca De Automatica, Informatica, Electronica, Management</subfield></datafield><datafield ind1=" " ind2=" " tag="852"><subfield code="a">621.3.049.774:681.332</subfield></datafield></record></collection>